
@article{cuadrado2020verified,
  title={{A verified catalogue of OCL optimisations}},
  author={Cuadrado, Jes{\'u}s S{\'a}nchez},
  journal={Software and Systems Modeling},
  volume={19},
  number={5},
  pages={1139--1161},
  year={2020},
  publisher={Springer}
}

@inproceedings{steimann2023ocl,
  title={{OCL Rebuilt, From the Ground Up}},
  author={Steimann, Friedrich and Claris{\'o}, Robert and Gogolla, Martin},
  booktitle={2023 ACM/IEEE 26th International Conference on Model Driven Engineering Languages and Systems (MODELS)},
  pages={194--205},
  year={2023},
  organization={IEEE}
}

@inproceedings{gogolla2021refactoring,
  title={{Refactoring Collections in OCL.}},
  author={Gogolla, Martin and Burgue{\~n}o, Loli and Vallecillo, Antonio},
  booktitle={STAF Workshops},
  pages={142--148},
  year={2021}
}

@inproceedings{gogolla2019keynote,
  title={{What You Always Wanted to Know about OCL and Never Dared to Ask}},
  author={Gogolla, Martin},
  booktitle={OCL 2019 @ Models 2019},
  year={2019}
}
What You Always Wanted to Know about OCL and
Never Dared to Ask


@incollection{lampson1993principles,
  title={Principles for computer system design},
  author={Lampson, Butler},
  booktitle={ACM Turing award lectures},
  pages={1992},
  year={1993}
}
@article{brucker2002note,
  title={{A note on design decisions of a formalization of the OCL}},
  author={Brucker, Achim D and Wolff, Burkhart},
  year={2002}
}

@article{chimiak2010teaching,
  title={{Teaching OCL Standard Library: First Part of an OCL 2. x Course}},
  author={Chimiak-Opoka, Joanna and Demuth, Birgit},
  journal={Electronic Communications of the EASST},
  volume={34},
  year={2010}
}

@article{wilke2011uml,
  title={{UML is still inconsistent! How to improve OCL Constraints in the UML 2.3 Superstructure}},
  author={Wilke, Claas and Demuth, Birgit},
  journal={Electronic Communications of the EASST},
  volume={44},
  year={2011}
}
@inproceedings{willink2017deterministic,
  title={{Deterministic Lazy Mutable OCL Collections}},
  author={Willink, Edward D},
  booktitle={Federation of International Conferences on Software Technologies: Applications and Foundations},
  pages={340--355},
  year={2017},
  organization={Springer},
isbn = {978-3-319-74729-3},
doi = {10.1007/978-3-319-74730-9_30}
}

@misc{Dresden-OCL,
	author = {{Dresden OCL Project}},
	institution = {Technische Universitat Dresden},
	note = {http://www.dresden-ocl.org/index.php/DresdenOCL}
}

@misc{USE,
	author = {{USE, The UML-based Specification Environment}},
	institution = {University of Bremen Database Systems Group},
	note = {http://useocl.sourceforge.net/w/index.php/Main\_Page}
}

@incollection{cook2002amsterdam,
  title={{The Amsterdam manifesto on OCL}},
  author={Cook, Steve and Kleppe, Anneke and Mitchell, Richard and Rumpe, Bernhard and Warmer, Jos and Wills, Alan},
  booktitle={Object Modeling with the OCL: The Rationale behind the Object Constraint Language},
  pages={115--149},
  year={2002},
  publisher={Springer}
}

@inproceedings{tisi2015lazy,
  title={Lazy Evaluation for OCL.},
  author={Tisi, Massimo and Douence, R{\'e}mi and Wagelaar, Dennis},
  booktitle={OCL@ MoDELS},
  pages={46--61},
  year={2015}
}

@inproceedings{wei2015efficient,
  title={An Efficient Computation Strategy for allInstances ().},
  author={Wei, Ran and Kolovos, Dimitrios S},
  booktitle={BigMDE@ STAF},
  pages={32--41},
  year={2015}
}

@article{willink2011modeling,
  title={{Modeling the OCL standard library}},
  author={Willink, Edward},
  journal={Electronic Communications of the EASST},
  volume={44},
  doi = {10.14279/tuj.eceasst.44.663.673},
  year={2011}
}

@inproceedings{willink2019map,
  title={{An OCL Map Type}},
  author={Willink, Edward},
  booktitle={OCL 2019 @ Models 2019},
  year={2019},
 url = {http://www.eclipse.org/modeling/mdt/ocl/docs/publications/\allowbreak OCL2019MapType/OCLMapType.pdf}
}

@inproceedings{Willink-Collections2,
	author = {E.D.Willink},
	title = {{OCL Collection Optimization - Part 2 - Components}},
	booktitle = {submitted to OCL 2025 @ STAF 2025},
	address = {Koblenz},
	month = {June},
	year = {2025}
}

@inproceedings{Willink-Collections3,
	author = {E.D.Willink},
	title = {{OCL Collection Optimization - Part 3 - Cascades}},
	booktitle = {submitted to OCL 2025 @ STAF 2025},
	address = {Koblenz},
	month = {June},
	year = {2025}
}

@misc{mikeBadAllInstances,
	author = {mike},
	url = {{https://stackoverflow.com/questions/31767506/nested-ocl-foralls}},
	 year={2017}
}

@misc{edwBadAllInstances,
	author = {E.D.Willink},
	url = {{https://www.eclipse.org/forums/index.php?t=msg\&th=166482}},
	 year={2010}
}

@misc{MossakowskiBadAllInstances,
	author = {Mossakowski, Till and L{\"u}th, Christoph},
	url = {{https://www.informatik.uni-bremen.de/agbkb/lehre/ss12/foma/slides/handouts-06.pdf}},
	 year={2012}
}






https://www.eclipse.org/forums/index.php?t=msg&th=166482
@MISC{Eclipse-EMF,
	author = {{Eclipse EMF Project}},
	institution = {Eclipse Foundation},
	url = {{https://projects.eclipse.org/projects/\allowbreak modeling.emf.emf}},
	 year={2025}
}

@misc{Eclipse-OCL,
	author = {{Eclipse OCL Project}},
	institution = {Eclipse Foundation},
	url = {{https://projects.eclipse.org/projects/\allowbreak modeling.mdt.ocl}},
	 year={2025}
}


@misc{OCL-2.4,
	author = {{Object Management Group}},
	title = {{Object Constraint Language, Version 2.4}},
	note = {formal/2014-02-03},
	month = {February},
	year = {2014},
	url = {https://www.omg.org/spec/OCL/2.4/PDF}
}

@misc{QVT-1.3,
	author = {{Object Management Group}},
	title = {{Meta Object Facility (MOF) 2.0 Query/View/Transformation Specification, Version 1.3}},
	note = {formal/2016-06-03},
	month = {June},
	year = {2016}
}

@MANUAL{UML-2.5,
   title = "Unified Modeling Language, Infrastructure",
   organization = "Object Management Group",
   edition = "Version 2.5, {OMG Document Number}: formal/2015-03-01",
   url = "http://www.omg.org/spec/UML/2.5/",
   year = 2015,
}

