@preamble{ "\newcommand{\noopsort}[1]{} "
	# "\newcommand{\printfirst}[2]{#1} "
	# "\newcommand{\singleletter}[1]{#1} "
	# "\newcommand{\switchargs}[2]{#2#1} " }

@MISC{ANTLR,
   title = "ANTLR, ANother Tool for Language Recognition",
   url = "http://www.antlr.org",
}

@Book{dragon,
  author = {Alfred V. Aho and Ravi Sethi and Jeffrey D. Ullman},
  title = "Compilers. Principles, Techniques and Tools",
  publisher = "Addison Wesley",
  year = "1986"
}

@MISC{Helios,
   title = "Eclipse Helios release",
   url = "http://www.eclipse.org/downloads/",
}

@MISC{IMP,
   title = "Eclipse IDE Meta-Tooling Platform Project",
   url = "http://www.eclipse.org/projects/project_summary.php?projectid=technology.imp",
}

@MISC{LPG,
   title = "Sourceforge LALR Parser Project",
   url = "http://sourceforge.net/projects/lpg",
}

@MISC{MDT/OCL,
   title = "Eclipse MDT/OCL Project",
   url = "http://www.eclipse.org/projects/project_summary.php?projectid=modeling.mdt.ocl",
}

@MANUAL{MOFM2T,
   title = "MOF Model to Text Transformation Language",
   organization = "Object Management Group",
   edition = " v1.0, OMG Document Number: formal/2008-01-16",
   url = "http://www.omg.org/spec/MOFM2T/1.0",
}


@MANUAL{OCL,
   title = "Object Constraint Language",
   organization = "Object Management Group",
   edition = "Version 2.2, OMG Document Number: formal/2010-02-01",
   url = "http://www.omg.org/spec/OCL/2.2",
}

@MANUAL{OCL2.3,
   title = "First Ballot Resolutions for Object Constraint Language version 2.3, 2009",
   organization = "Object Management Group",
   url = "http://www.omg.org/archives/ocl2-rtf/msg00331.html",
}

@MANUAL{QVT,
   title = "Query/View/Transformation Specification",
   organization = "Object Management Group",
   edition = "Version 2.3, OMG Document Number: ptc/09-12-05, 2009",
   url = "http://www.omg.org/spec/QVT/1.1/Beta2/PDF",
}

@MISC{TMF/Xtext,
   title = "Eclipse TMF/Xtext Project",
   url = "http://www.eclipse.org/Xtext",
}

@MANUAL{UML,
   title = "Unified Modeling Language, Superstructure",
   organization = "Object Management Group",
   edition = "Version 2.3, OMG Document Number: formal/2010-05-05",
   url = "http://www.omg.org/spec/UML/2.3",
}


