

@article{Baar2011,
author = {Baar, Thomas},
year = {2011},
month = {01},
pages = {},
title = {On the Need of User-deﬁned Libraries in OCL},
doi = {10.14279/tuj.eceasst.36.447.451}
}


@inproceedings{Cabot2012,
author = {Cabot, Jordi and Gogolla, Martin},
year = {2012},
month = {06},
pages = {58-90},
title = {Object Constraint Language (OCL): A Definitive Guide},
volume = {7320},
isbn = {978-3-642-30981-6},
doi = {10.1007/978-3-642-30982-3_3}
}

@InProceedings{Akehurst,
  author = {D.G.Akehurst and Z.Zschaler and W.G.J.Howells},
  title = "{OCL}: Modularising the Language",
  booktitle = "Ocl4All: Modelling Systems with OCL",
  address = "Models 2007, Nashville",
  year = {2007},
}

@InProceedings{Baar,
  author = {Thomas Baar},
  title = "On the Need of User-defined Libraries in {OCL}",
  booktitle = "OCL 2010: Workshop on OCL and Textual Modelling",
  address = "Models 2010, Oslo",
  year = {2010},
}

@InProceedings{Bridge,
  author = {David Akehurst and Octavian Patrascoiu},
  title = "{OCL} 2.0 - Implementing the Standard for Multiple Metamodels",
  booktitle = "{OCL} 2.0 - Industry standard or scientific playground?",
  address = "UML 2003, San Francisco"
}

@InProceedings{Buttner,
  author = {Fabian B\"{u}ttner and Martin Gogolla and Lars Hamann and Mirco Kuhlmann},
   title = "On Better Understanding {OCL} Collections or An {OCL} Ordered Set is not an {OCL} Set",
   booktitle = "OCL 2009: Pragmatics of OCL and Other Textual Specification Languages ",
  address = "Models 2009, Denver"
}

@InProceedings{Chimiak-Opaka,
  author = {Joanna Chimiak-Opaka and Birgit Demuth},
  title = "A Feature Model for an {IDE4OCL}",
  booktitle = "OCL 2010: Workshop on OCL and Textual Modelling",
  address = "Models 2010, Oslo"
}

@InProceedings{Desai,
	author = {Nisha Desai and Martin Gogolla and Hilken Frank},
	title = "Executing Models by Filmstripping: Enhancing Validation by Filmstrip Templates and Transformation Alternatives",
	 booktitle = "Workshop Executable Modeling, EXE 2017",
	year = 2017
}

@MANUAL{Dresden/JavaCG,
   author = {Claas Wilke},
   title = "Java Code Generation for Dresden {OCL2} for Eclipse",
   edition = "Technische Universitat Dresden",
   url = "http://dresden-ocl.sourceforge.net/downloads/pdfs/gb_claas_wilke.pdf",
	month = {February},
	year = {2010},
}

@MISC{Eclipse-EMF,
	author = {{Eclipse EMF Project}},
	institution = {Eclipse Foundation},
	note = {https://projects.eclipse.org/projects/\allowbreak modeling.emf.emf}
}

@misc{Eclipse-OCL,
	author = {{Eclipse OCL Project}},
	institution = {Eclipse Foundation},
	note = {https://projects.eclipse.org/projects/\allowbreak modeling.mdt.ocl}
}

@inproceedings{Lano2021,
  author    = {Kevin Lano},
  booktitle = {OCL 2021: Workshop on {OCL} and Textual Modeling},
  month     = {June},
  year      = {2021},
  url       = {https://oclworkshop.github.io/2021/papers/ocl2021_paper_3.pdf},
}

@MISC{LinkedIn,
   title = "Anonymous Functions",
   url = "http://www.linkedin.com/groupItem?view=&gid=3007822&type=member&item=31810988",
}

@MISC{M2T/Acceleo,
   title = "Eclipse M2T/Acceleo Project",
   url = "http://www.eclipse.org/Acceleo",
}

@InProceedings{Constraint-Survey,
  author = {Jordi Cabot and Ernest Teniente},
  title = "Constraint Support in MDA tools: a Survey",
  booktitle = "European Conference on Model-Driven Architecture 2006, LNCS 4066, pp. 256-267"
}

@MISC{MDT/OCL,
   title = "Eclipse MDT/OCL Project",
   url = "http://www.eclipse.org/projects/project_summary.php?projectid=modeling.mdt.ocl",
}

@MANUAL{MOFM2T,
   title = "MOF Model to Text Transformation Language",
   organization = "Object Management Group",
   edition = " v1.0, {OMG Document Number}: formal/2008-01-16",
   url = "http://www.omg.org/spec/MOFM2T/1.0",
}

@MANUAL{MOF-2.4,
   title = "Meta Object Facility (MOF) Core Specification",
   organization = "Object Management Group",
   edition = "Version 2.4, {OMG Document Number}: formal/2010-12-08",
   url = "http://www.omg.org/spec/MOF/2.4",
}

@inproceedings{Mandel1999,
author = {Mandel, Luis and Cengarle, María},
year = {1999},
month = {09},
pages = {854-874},
title = {On the expressive power of pure OCL},
isbn = {978-3-540-66587-8},
doi = {10.1007/3-540-48119-2_47}
}

@InProceedings{MySQL4OCL,
  author = {Marina Egea and Carolina Dania and Manuel Clavel},
   title = "MySQL4OCL: A Stored Procedure-Based MySQL Code Generator for {OCL}",
  booktitle = "OCL 2010: Workshop on OCL and Textual Modelling",
  address = "Models 2010, Oslo",
  year = 2010,
}

@MANUAL{OCL-1.6,
   title = "Object Constraint Language",
   organization = "Object Management Group",
   edition = "Version 1.6, {OMG Document Number}: ad/2003-01-07",
   url = "http://www.omg.org/cgi-bin/doc?ad/03-01-07.pdf",
}


@MANUAL{OCL-2.0-draft,
   title = "Object Constraint Language",
   organization = "Object Management Group",
   edition = "Version 2.0 draft, {OMG Document Number}: ptc/03-10-14",
   url = "http://www.omg.org/cgi-bin/doc?ptc/03-10-14",
}

@MANUAL{OCL-2.0,
   title = "Object Constraint Language",
   organization = "Object Management Group",
   edition = "Version 2.0, {OMG Document Number}: formal/06-05-01, 2006",
   url = "http://www.omg.org/spec/OCL/2.0",
}

@MANUAL{OCL-2.2,
   title = "Object Constraint Language",
   organization = "Object Management Group",
   edition = "Version 2.2, {OMG Document Number}: formal/2010-02-01",
   url = "http://www.omg.org/spec/OCL/2.2",
}

@MANUAL{OCL-2.3,
   title = "Object Constraint Language",
   organization = "Object Management Group",
   edition = "Version 2.3, {OMG Document Number}: formal/2010-11-42",
   url = "http://www.omg.org/spec/OCL/2.3",}

@MANUAL{OCL-2.3.1,
   title = "Object Constraint Language",
   organization = "Object Management Group",
   edition = "Version 2.3.1, {OMG Document Number}: formal/2012-01-01",
   url = "http://www.omg.org/spec/OCL/2.3.1",}

@MANUAL{OCL-RFP,
   title = "Object Constraint Language version 2.0, Request for Proposals9",
   edition = "Version 2.0 RFP, {OMG Document Number}: ad/2000-09-03",
   organization = "Object Management Group",
   url = "http://www.omg.org/cgi-bin/doc?ad/2000-09-03",
}

@InProceedings{OCL-relocation,
  author = {Gergely Mezei and Tiham\'{e}r Levendovszky and Hassan Charaf},
   title = "Optimization Algorithms for {OCL} Constraint Evaluation in Visual Models",
   booktitle = "Periodica Polytechnica 2007",
   year = 2007,
}

@InProceedings{OCL-stdlib,
  author = {Edward D. Willink},
  title = "Modeling the {OCL} {Standard} {Library}",
  booktitle = "OCL 2011, International Workshop on OCL and Textual Modelling",
  address = "TOOLS 2011, Zurich"
}

@InProceedings{OCL-UML,
  author = {Edward D. Willink},
  title = "Aligning {OCL} with {UML}",
  booktitle = "OCL 2011, International Workshop on OCL and Textual Modelling",
  address = "TOOLS 2011, Zurich"
}

@book{OCL-Aachen,
	author = {Achim Brucker and Dan Chiorean and Tony Clark and Birgit Demuth and Martin Gogolla and Dimitri Plotnikov and Bernhard Rumpe and Edward Willink and Burkhart Wolff},
	title = {{Report on the Aachen OCL Meeting}},
	month = {November},
	year = {2013},
	publisher = {},
	note = {http://www4.informatik.tu-muenchen.de/publ/papers/CKR+99.pdf}
}

@misc{OCL-2.0,
	author = {{Object Management Group}},
	title = {{Object Constraint Language Specification, Version 2.0}},
	month = {May},
	year = {2006},
	note = {https://www.omg.org/spec/OCL/2.0/PDF}
}

@misc{OCL-2.2,
	author = {{Object Management Group}},
	title = {{Object Constraint Language Specification, Version 2.2}},
	month = {February},
	year = {2010},
	note = {https://www.omg.org/spec/OCL/2.2/PDF}
}

@misc{OCL-2.3,
	author = {{Object Management Group}},
	title = {{Object Constraint Language Specification, Version 2.3.1}},
	month = {January},
	year = {2012},
	note = {https://www.omg.org/spec/OCL/2.3.1/PDF}
}

@misc{OCL-2.4,
	author = {{Object Management Group}},
	title = {{Object Constraint Language, Version 2.4}},
	month = {February},
	year = {2014},
	note = {https://www.omg.org/spec/OCL/2.4/PDF}
}

@MISC{OMG-Issue-8937,
   title = "Notation for accessing class operations is inconsistent",
   url = "http://www.omg.org/issues/ocl2-rtf#8937",
}

@InProceedings{Overload,
  author = {Fabian B\"{u}ttner and Martin Gogolla},
   title = "On Generalization and Overriding in {OCL} 2.0",
   booktitle = "Modeling Languages and Applications",
  address = "UML 2004, Lisbon"
}

@InProceedings{Pivot,
  author = {Matthias Br\"{a}uer and Birgit Demuth},
  title = "Model-Level Integration of the {OCL} Standard Library Using a Pivot Model with Generics Support",
  booktitle = "Ocl4All: Modelling Systems with OCL",
  address = "Models 2007, Nashville"
}

@MANUAL{QVT-1.0,
   title = "Query/View/Transformation Specification",
   organization = "Object Management Group",
   edition = "Version 1.0, {OMG Document Number}: formal/08-04-03, 2008",
   url = "http://www.omg.org/spec/QVT/1.0/"
}

@MANUAL{QVT-1.1,
   title = "Query/View/Transformation Specification",
   organization = "Object Management Group",
   edition = "Version 1.1, {OMG Document Number}: formal/2011-01-01, 2011",
   url = "http://www.omg.org/spec/QVT/1.1/"
}

@InProceedings{QueryCode,
  author = {Florian Heidenreich and Christian Wende and Birgit Demuth},
  title = "A Framework for Generating Query Language Code from {OCL} Invariants",
  booktitle = "Ocl4All: Modelling Systems with OCL",
  address = "Models 2007, Nashville",
  year = 2007,
}

@InProceedings{Rath-Queries,
  author = {Benedek Izs\"{o} and Zolt\'{a}n Szatm\'{a}ri and Istv\'{a}n R\'{a}th},
   title = "High performance model queries and their novel applications",
  booktitle = "Third Biannual Workshop on Eclipse Open Source Software and {OMG} Open Specifications",
  address = "OMG quarterly meeting, Reston"
}

@inproceedings{rodion-models2009,
    author = {Rodion Moiseev and Shinpei Hayashi and Motoshi Saeki},
    title = {Generating Assertion Code from {OCL}: A Transformational Approach Based on Similarities of Implementation Languages},
    booktitle = {Proceedings of the ACM/IEEE 12th International Conference on Model Driven Engineering Languages and Systems (MODELS 2009)},
    pages = {650--664},
    year = 2009,
    month = {Oct. 4--9},
}

@book{Shidqie,
   title = "Compilation of {OCL} into Java for the Eclipse {OCL} Implementation",
   author = "Ayatullah Jibran Shidqie",
   year = "2007"
   }

@MISC{TMF/Xtext,
   title = "Eclipse TMF/Xtext Project",
   url = "http://www.eclipse.org/Xtext",
}

@MANUAL{UML-2.0,
   title = "Unified Modeling Language, Infrastructure",
   organization = "Object Management Group",
   edition = "Version 2.03, {OMG Document Number}: formal/2005-07-05",
   url = "http://www.omg.org/spec/UML/2.0/",
   year = 2005,
}

@MANUAL{UML-2.4.1-Super,
   title = "{OMG} Unified Modeling Language (OMG UML), Superstructure",
   organization = "Object Management Group",
   edition = "Version 2.4.1, {OMG Document Number}: formal/2011-08-06",
   url = "http://www.omg.org/spec/UML/2.4.1/",
}

@MANUAL{UML-2.5.1,
   title = "Unified Modeling Language, Infrastructure",
   organization = "Object Management Group",
   edition = "Version 2.5.1, {OMG Document Number}: formal/17-12-05",
   url = "http://www.omg.org/spec/UML/2.5.1/",
   year = 2017,
}

@InProceedings{UML-inconsistent,
  author = {Claas Wilke and Birgit Demuth},
   title = "{OCL} is still inconsistent! How to improve {OCL} Constraints in the {OCL} 2.3 Superstructure",
  booktitle = "OCL 2010: Workshop on OCL and Textual Modelling",
  address = "Models 2010, Oslo"
}

@MANUAL{UML-simple,
   title = "{OCL} Specification Simplification Request For Proposal",
   organization = "Object Management Group",
   edition = "Version 2.03, {OMG Document Number}: ad/2009-12-10",
   url = "http://www.omg.org/cgi-bin/doc?ad/2009-12-10",
}

@misc{USE,
	author = {{USE, The UML-based Specification Environment}},
	institution = {University of Bremen Database Systems Group},
	note = {http://useocl.sourceforge.net/w/index.php/Main\_Page}
}

@InProceedings{Variability,
  author = {Claas Wilke and Michael Thiele and Christian Wende},
   title = "Extending Variability for {OCL} Interpretation",
  booktitle = "OCL 2010: Workshop on OCL and Textual Modelling",
  address = "Models 2010, Oslo"
}


@inproceedings{Willink2012,
  author    = {Edward D. Willink},
  title     = {An extensible {OCL} virtual machine and code generator},
  booktitle = {OCL 2012: Workshop on {OCL} and Textual Modeling},
  year      = {2012},
  url       = {https://doi.org/10.1145/2428516.2428519},
}

@inproceedings{Willink2015,
	author = {Edward D. Willink},
	title = {{Safe Navigation in OCL}},
	booktitle = {OCL 2016: Workshop on OCL and Textual Modeling},
	address = {Ottawa},
	month = {September},
	year = {2015},
	note = {http://www.eclipse.org/modeling/mdt/ocl/docs/publications/\allowbreak OCL2015SafeNavigation/SafeNavigation.pdf}
}

@article{Willink2020,
author = {Edward D. Willink},
year = {2020},
month = {01},
pages = {3:1},
title = {Reflections on OCL 2.},
volume = {19},
journal = {The Journal of Object Technology},
doi = {10.5381/jot.2020.19.3.a17}
}

@inproceedings{Willink2021,
  author    = {Edward D. Willink},
  title     = {A Validity Analysis to Reify 2-valued Boolean Constraints},
  booktitle = {OCL 2021: Workshop on {OCL} and Textual Modeling},
  month     = {June},
  year      = {2021},
  url       = {http://ceur-ws.org/Vol-2999/oclpaper1.pdf},
}

